
<marc:record><marc:leader>02595cam a2200541Ki 4500</marc:leader>
<marc:controlfield tag="001">001116319</marc:controlfield>
<marc:controlfield tag="003">OCoLC</marc:controlfield><marc:controlfield tag="005">20180924051111.3</marc:controlfield><marc:controlfield tag="006">m     o  d        </marc:controlfield><marc:controlfield tag="007">cr un||||a|a||</marc:controlfield><marc:controlfield tag="008">111108s1976    dcua    ob   f000 0 eng d</marc:controlfield><marc:datafield tag="019" ind1=" " ind2=" "><marc:subfield code="a">742693693</marc:subfield></marc:datafield><marc:datafield tag="024" ind1="8" ind2=" "><marc:subfield code="a">GOVPUB-C13-b2b3595dafd1471511c14a3f0704a56c</marc:subfield></marc:datafield><marc:datafield tag="035" ind1=" " ind2=" "><marc:subfield code="a">(OCoLC)760003684</marc:subfield><marc:subfield code="z">(OCoLC)742693693</marc:subfield></marc:datafield><marc:datafield tag="040" ind1=" " ind2=" "><marc:subfield code="a">OCLCE</marc:subfield><marc:subfield code="b">eng</marc:subfield><marc:subfield code="e">pn</marc:subfield><marc:subfield code="c">OCLCE</marc:subfield><marc:subfield code="d">OCLCQ</marc:subfield><marc:subfield code="d">OCLCF</marc:subfield><marc:subfield code="d">OCLCO</marc:subfield><marc:subfield code="d">OCLCQ</marc:subfield></marc:datafield><marc:datafield tag="050" ind1=" " ind2="4"><marc:subfield code="a">TA435</marc:subfield><marc:subfield code="b">.U58 no. 81</marc:subfield><marc:subfield code="a">TK2842</marc:subfield></marc:datafield><marc:datafield tag="074" ind1=" " ind2=" "><marc:subfield code="a">0241 (online)</marc:subfield></marc:datafield><marc:datafield tag="082" ind1="0" ind2="4"><marc:subfield code="a">690/.021 s</marc:subfield><marc:subfield code="a">621.31/7</marc:subfield></marc:datafield><marc:datafield tag="084" ind1=" " ind2=" "><marc:subfield code="a">53.35</marc:subfield><marc:subfield code="2">bcl</marc:subfield></marc:datafield><marc:datafield tag="086" ind1="0" ind2=" "><marc:subfield code="a">C 13.29/2:81</marc:subfield></marc:datafield><marc:datafield tag="100" ind1="1" ind2=" "><marc:subfield code="a">Beausoliel, Robert W.</marc:subfield></marc:datafield><marc:datafield tag="245" ind1="1" ind2="0"><marc:subfield code="a">Survey of ground fault circuit interrupter usage for protection against hazardous shock /</marc:subfield><marc:subfield code="c">Robert W. Beausoliel and William J. Meese.</marc:subfield></marc:datafield><marc:datafield tag="260" ind1=" " ind2=" "><marc:subfield code="a">Washington :</marc:subfield><marc:subfield code="b">U.S. Dept. of Commerce, National Bureau of Standards :</marc:subfield><marc:subfield code="b">For sale by the Supt. of Docs., U.S. Govt. Print. Off.,</marc:subfield><marc:subfield code="c">1976.</marc:subfield></marc:datafield><marc:datafield tag="300" ind1=" " ind2=" "><marc:subfield code="a">1 online resource (vi, 13 pages) :</marc:subfield><marc:subfield code="b">illustrations.</marc:subfield></marc:datafield><marc:datafield tag="336" ind1=" " ind2=" "><marc:subfield code="a">text</marc:subfield><marc:subfield code="b">txt</marc:subfield><marc:subfield code="2">rdacontent</marc:subfield></marc:datafield><marc:datafield tag="337" ind1=" " ind2=" "><marc:subfield code="a">computer</marc:subfield><marc:subfield code="b">c</marc:subfield><marc:subfield code="2">rdamedia</marc:subfield></marc:datafield><marc:datafield tag="338" ind1=" " ind2=" "><marc:subfield code="a">online resource</marc:subfield><marc:subfield code="b">cr</marc:subfield><marc:subfield code="2">rdacarrier</marc:subfield></marc:datafield><marc:datafield tag="490" ind1="1" ind2=" "><marc:subfield code="a">NBS building science series ;</marc:subfield><marc:subfield code="v">81</marc:subfield></marc:datafield><marc:datafield tag="500" ind1=" " ind2=" "><marc:subfield code="a">Contributed record: Metadata reviewed, not verified. Some fields updated by batch processes.</marc:subfield></marc:datafield><marc:datafield tag="504" ind1=" " ind2=" "><marc:subfield code="a">Includes bibliographical references.</marc:subfield></marc:datafield><marc:datafield tag="650" ind1=" " ind2="0"><marc:subfield code="a">Buildings</marc:subfield><marc:subfield code="x">Electric equipment</marc:subfield><marc:subfield code="x">Safety measures.</marc:subfield></marc:datafield><marc:datafield tag="650" ind1=" " ind2="0"><marc:subfield code="a">Electric circuit-breakers.</marc:subfield></marc:datafield><marc:datafield tag="650" ind1=" " ind2="0"><marc:subfield code="a">Electric shock.</marc:subfield></marc:datafield><marc:datafield tag="650" ind1=" " ind2="6"><marc:subfield code="a">Electrocution.</marc:subfield></marc:datafield><marc:datafield tag="650" ind1=" " ind2="6"><marc:subfield code="a">Construction</marc:subfield><marc:subfield code="x">Equipement electrique</marc:subfield><marc:subfield code="x">S ecurit e</marc:subfield><marc:subfield code="x">Mesures.</marc:subfield></marc:datafield><marc:datafield tag="650" ind1=" " ind2="6"><marc:subfield code="a">Interrupteurs electriques.</marc:subfield></marc:datafield><marc:datafield tag="650" ind1=" " ind2="7"><marc:subfield code="a">Buildings</marc:subfield><marc:subfield code="x">Electric equipment</marc:subfield><marc:subfield code="x">Safety measures.</marc:subfield><marc:subfield code="2">fast</marc:subfield><marc:subfield code="0">(OCoLC)fst00841027</marc:subfield></marc:datafield><marc:datafield tag="650" ind1=" " ind2="7"><marc:subfield code="a">Electric circuit-breakers.</marc:subfield><marc:subfield code="2">fast</marc:subfield><marc:subfield code="0">(OCoLC)fst00904535</marc:subfield></marc:datafield><marc:datafield tag="650" ind1=" " ind2="7"><marc:subfield code="a">Electric shock.</marc:subfield><marc:subfield code="2">fast</marc:subfield><marc:subfield code="0">(OCoLC)fst00905890</marc:subfield></marc:datafield><marc:datafield tag="700" ind1="1" ind2=" "><marc:subfield code="a">Meese, William J.,</marc:subfield><marc:subfield code="e">author.</marc:subfield></marc:datafield><marc:datafield tag="710" ind1="2" ind2=" "><marc:subfield code="a">National Bureau of Standards (U.S.)</marc:subfield></marc:datafield><marc:datafield tag="776" ind1="0" ind2="8"><marc:subfield code="i">Print version:</marc:subfield><marc:subfield code="a">Beausoliel, Robert W.</marc:subfield><marc:subfield code="t">Survey of ground fault circuit interrupter usage for protection against hazardous shock.</marc:subfield><marc:subfield code="d">Washington : U.S. Dept. of Commerce, National Bureau of Standards : For sale by the Supt. of Docs., U.S. Govt. Print. Off., 1976</marc:subfield><marc:subfield code="w">(DLC) 76608069</marc:subfield><marc:subfield code="w">(OCoLC)2092414</marc:subfield></marc:datafield><marc:datafield tag="830" ind1=" " ind2="0"><marc:subfield code="a">NBS building science series ;</marc:subfield><marc:subfield code="v">81.</marc:subfield></marc:datafield><marc:datafield tag="856" ind1="4" ind2=" "><marc:subfield code="z">Address at time of PURL creation</marc:subfield><marc:subfield code="u">https://www.govinfo.gov/content/pkg/GOVPUB-C13-b2b3595dafd1471511c14a3f0704a56c/pdf/GOVPUB-C13-b2b3595dafd1471511c14a3f0704a56c.pdf</marc:subfield></marc:datafield><marc:datafield tag="856" ind1="4" ind2="0"><marc:subfield code="u">https://purl.fdlp.gov/GPO/gpo101981</marc:subfield></marc:datafield><marc:datafield tag="994" ind1=" " ind2=" "><marc:subfield code="a">92</marc:subfield><marc:subfield code="b">GPO</marc:subfield></marc:datafield><marc:datafield tag="922" ind1=" " ind2=" "><marc:subfield code="a">NIST-1</marc:subfield><marc:subfield code="b">20190227</marc:subfield></marc:datafield><marc:datafield tag="922" ind1=" " ind2=" "><marc:subfield code="a">Batch-processed</marc:subfield></marc:datafield></marc:record>